<?xml version="1.0" encoding="UTF-8"?><collection xmlns="http://www.loc.gov/MARC21/slim"><record><leader>00394nam--2200121-i-4500</leader><controlfield tag="001">000033354</controlfield><controlfield tag="002">20161230</controlfield><controlfield tag="005">20161230201039</controlfield><controlfield tag="008">060222s1000------------r-----000-0-eng-d</controlfield><datafield ind1=" " ind2=" " tag="245"><subfield code="a">Monographs in statistical physics and thermodynamics. vol.10: introduction to the thermodynamics of charged and polarized layers</subfield></datafield><datafield ind1=" " ind2=" " tag="260"><subfield code="a">New York, Interscience Publ., 1965</subfield></datafield><datafield ind1=" " ind2=" " tag="700"><subfield code="a">Sanfeld, A</subfield></datafield><datafield ind1=" " ind2=" " tag="852"><subfield code="a">16809</subfield></datafield></record></collection>